
@data{px6s-sm21-22,
doi = {10.21227/px6s-sm21},
url = {https://dx.doi.org/10.21227/px6s-sm21},
author = {Salmani, Hassan and Tehranipoor, Mark and Sutikno, Sarwono and Wijitrisnanto, Fajar },
publisher = {IEEE Dataport},
title = {Trust-Hub Trojan Benchmark for Hardware Trojan Detection Model Creation using Machine Learning },
year = {2022} }

@article{liakos2022gainesis,
  title={GAINESIS: Generative Artificial Intelligence NEtlists SynthesIS},
  author={Liakos, Konstantinos G and Georgakilas, Georgios K and Plessas, Fotis C and Kitsos, Paris},
  journal={Electronics},
  volume={11},
  number={2},
  pages={245},
  year={2022},
  publisher={Multidisciplinary Digital Publishing Institute}
}

@data{j1vv-hw18-21,
doi = {10.21227/j1vv-hw18},
url = {https://dx.doi.org/10.21227/j1vv-hw18},
author = {Yasaei, Rozhin and Yu, Shih-Yuan and Zhou, Qingrong and Al Faruque, Mohammad Abdullah},
publisher = {IEEE Dataport},
title = {Hardware Design Dataset for Circuit Graph Analysis},
year = {2021} }

@software{henry_wilde_2021_4412535,
  author       = {Henry Wilde and
                  Vince Knight},
  title        = {daffidwilde/edo v0.3.6},
  month        = jan,
  year         = 2021,
  publisher    = {Zenodo},
  version      = {v0.3.6},
  doi          = {10.5281/zenodo.4412535},
  url          = {https://doi.org/10.5281/zenodo.4412535}
}

@article{edo-paper,
    title = {Evolutionary dataset optimisation: learning algorithm quality
             through evolution},
    author = {Wilde, Henry and Knight, Vincent and Gillard, Jonathan},
    journal = {Applied Intelligence},
    year = 2020,
    volume = 50,
    pages = {1172--1191},
    doi = {10.1007/s10489-019-01592-4},
}

@article{gubbi2023hardware,
  title={Hardware Trojan Detection Using Machine Learning: A Tutorial},
  author={Gubbi, Kevin Immanuel and Latibari, Banafsheh Saber and Srikanth, Anirudh and Sheaves, Tyler and Beheshti-Shirazi, Sayed Arash and Pd, Sai Manoj and Rafatirad, Satareh and Sasan, Avesta and Homayoun, Houman and Salehi, Soheil},
  journal={ACM Transactions on Embedded Computing Systems},
  year={2023},
  publisher={ACM New York, NY}
}

@inproceedings{pan2023hardware,
  title={Hardware Trojan Detection Using Shapley Ensemble Boosting},
  author={Pan, Zhixin and Mishra, Prabhat},
  booktitle={Proceedings of the 28th Asia and South Pacific Design Automation Conference},
  pages={496--503},
  year={2023}
}

@inproceedings{vovk2016criteria,
  title={Criteria of efficiency for conformal prediction},
  author={Vovk, Vladimir and Fedorova, Valentina and Nouretdinov, Ilia and Gammerman, Alexander},
  booktitle={Conformal and Probabilistic Prediction with Applications: 5th International Symposium, COPA 2016, Madrid, Spain, April 20-22, 2016, Proceedings 5},
  pages={23--39},
  year={2016},
  organization={Springer}
}

@article{laland2014does,
  title={Does evolutionary theory need a rethink?},
  author={Laland, Kevin and Uller, Tobias and Feldman, Marc and Sterelny, Kim and M{\"u}ller, Gerd B and Moczek, Armin and Jablonka, Eva and Odling-Smee, John and Wray, Gregory A and Hoekstra, Hopi E and others},
  journal={Nature},
  volume={514},
  number={7521},
  pages={161--164},
  year={2014},
  publisher={Nature Publishing Group UK London}
}

@misc{vishwakarma2022systems,
  title={Systems and methods for device thermal management using dynamic ranking of device cooling needs},
  author={Vishwakarma, Rahul Deo and Gaikward, Hemant and Singh, Ashish},
  year={2022},
  month=may # "~12",
  publisher={Google Patents},
  note={US Patent App. 17/092,812}
}

@misc{liu2022anomaly,
  title={Anomaly aware log retrieval from disk array enclosures (DAEs)},
  author={Liu, Bing and Vishwakarma, Rahul},
  year={2022},
  month=nov # "~29",
  publisher={Google Patents},
  note={US Patent 11,513,931}
}

@inproceedings{vishwakarma2022selective,
  title={Selective scrubbing based on algorithmic randomness},
  author={Vishwakarma, Rahul and Liu, Bing and Gatsby, Peter and Hwang, Jinha},
  booktitle={Proceedings of the 15th ACM International Conference on Systems and Storage},
  pages={141--141},
  year={2022}
}

@article{xu2019modeling,
  title={Modeling tabular data using conditional gan},
  author={Xu, Lei and Skoularidou, Maria and Cuesta-Infante, Alfredo and Veeramachaneni, Kalyan},
  journal={Advances in Neural Information Processing Systems},
  volume={32},
  year={2019}
}

@article{cruz2022MIMIC,
title = {Automatic Hardware Trojan Insertion using Machine Learning},
author = {Jonathan Cruz and Pravin Gaikwad and Abhishek Nair and Prabuddha Chakraborty and Swarup Bhunia},
year = {2022},
date = {2022-01-01},
journal = {arXiv preprint arXiv:2204.08580},
keywords = {},
pubstate = {published},
tppubtype = {article}
}


@article{catto2010box2d,
  title={Box2D},
  author={Catto, Erin},
  journal={Available fro m: http://www. box2d. org},
  year={2010}
}

@inproceedings{yu2019improved,
  title={An improved automatic hardware Trojan generation platform},
  author={Yu, Shichao and Liu, Weiqiang and O'Neill, Maire},
  booktitle={2019 IEEE Computer Society Annual Symposium on VLSI (ISVLSI)},
  pages={302--307},
  year={2019},
  organization={IEEE}
}

@article{etemadi1981elementary,
  title={An elementary proof of the strong law of large numbers},
  author={Etemadi, Nasrollah},
  journal={Zeitschrift f{\"u}r Wahrscheinlichkeitstheorie und verwandte Gebiete},
  volume={55},
  number={1},
  pages={119--122},
  year={1981},
  publisher={Springer}
}
@article{smythe1973strong,
  title={Strong laws of large numbers for r-dimensional arrays of random variables},
  author={Smythe, Robert T},
  journal={The Annals of Probability},
  pages={164--170},
  year={1973},
  publisher={JSTOR}
}

@article{zhao2023gtv,
  title={GTV: Generating Tabular Data via Vertical Federated Learning},
  author={Zhao, Zilong and Wu, Han and Van Moorsel, Aad and Chen, Lydia Y},
  journal={arXiv preprint arXiv:2302.01706},
  year={2023}
}

@article{ashrapov2020tabular,
  title={Tabular GANs for uneven distribution},
  author={Ashrapov, Insaf},
  journal={arXiv preprint arXiv:2010.00638},
  year={2020}
}

@article{sisejkovic2021challenging,
  title={Challenging the security of logic locking schemes in the era of deep learning: A neuroevolutionary approach},
  author={Sisejkovic, Dominik and Merchant, Farhad and Reimann, Lennart M and Srivastava, Harshit and Hallawa, Ahmed and Leupers, Rainer},
  journal={ACM Journal on Emerging Technologies in Computing Systems (JETC)},
  volume={17},
  number={3},
  pages={1--26},
  year={2021},
  publisher={ACM New York, NY}
}

@article{holland1992genetic,
  title={Genetic algorithms},
  author={Holland, John H},
  journal={Scientific american},
  volume={267},
  number={1},
  pages={66--73},
  year={1992},
  publisher={JSTOR}
}

@article{goodfellow2020generative,
  title={Generative adversarial networks},
  author={Goodfellow, Ian and Pouget-Abadie, Jean and Mirza, Mehdi and Xu, Bing and Warde-Farley, David and Ozair, Sherjil and Courville, Aaron and Bengio, Yoshua},
  journal={Communications of the ACM},
  volume={63},
  number={11},
  pages={139--144},
  year={2020},
  publisher={ACM New York, NY, USA}
}

@article{sankaranarayanan2022semantic,
  title={Semantic uncertainty intervals for disentangled latent spaces},
  author={Sankaranarayanan, Swami and Angelopoulos, Anastasios N and Bates, Stephen and Romano, Yaniv and Isola, Phillip}
}

@article{ojha2023towards,
  title={Towards Universal Fake Image Detectors that Generalize Across Generative Models},
  author={Ojha, Utkarsh and Li, Yuheng and Lee, Yong Jae},
  journal={arXiv preprint arXiv:2302.10174},
  year={2023}
}

@article{kang2023scaling,
  title={Scaling up GANs for Text-to-Image Synthesis},
  author={Kang, Minguk and Zhu, Jun-Yan and Zhang, Richard and Park, Jaesik and Shechtman, Eli and Paris, Sylvain and Park, Taesung},
  journal={arXiv preprint arXiv:2303.05511},
  year={2023}
}

@article{yonetani2019decentralized,
  title={Decentralized learning of generative adversarial networks from non-iid data},
  author={Yonetani, Ryo and Takahashi, Tomohiro and Hashimoto, Atsushi and Ushiku, Yoshitaka},
  journal={arXiv preprint arXiv:1905.09684},
  year={2019}
}

@article{lederrey2022datgan,
  title={DATGAN: Integrating expert knowledge into deep learning for synthetic tabular data},
  author={Lederrey, Gael and Hillel, Tim and Bierlaire, Michel},
  journal={arXiv preprint arXiv:2203.03489},
  year={2022}
}

@article{xu2018synthesizing,
  title={Synthesizing tabular data using generative adversarial networks},
  author={Xu, Lei and Veeramachaneni, Kalyan},
  journal={arXiv preprint arXiv:1811.11264},
  year={2018}
}

@article{ramasinghe2020conditional,
  title={Conditional generative modeling via learning the latent space},
  author={Ramasinghe, Sameera and Ranasinghe, Kanchana and Khan, Salman and Barnes, Nick and Gould, Stephen},
  journal={arXiv preprint arXiv:2010.03132},
  year={2020}
}

@data{px6s-sm21-22,
doi = {10.21227/px6s-sm21},
url = {https://dx.doi.org/10.21227/px6s-sm21},
author = {Salmani, Hassan and Tehranipoor, Mark and Sutikno, Sarwono and Wijitrisnanto, Fajar },
publisher = {IEEE Dataport},
title = {Trust-Hub Trojan Benchmark for Hardware Trojan Detection Model Creation using Machine Learning },
year = {2022} }



@article{huang2020survey,
  title={A survey on machine learning against hardware trojan attacks: Recent advances and challenges},
  author={Huang, Zhao and Wang, Quan and Chen, Yin and Jiang, Xiaohong},
  journal={IEEE Access},
  volume={8},
  pages={10796--10826},
  year={2020},
  publisher={IEEE}
}



@inproceedings{kundu2021application,
  title={Application of machine learning in hardware trojan detection},
  author={Kundu, Shamik and Meng, Xingyu and Basu, Kanad},
  booktitle={2021 22nd International Symposium on Quality Electronic Design (ISQED)},
  pages={414--419},
  year={2021},
  organization={IEEE}
}


@article{dong2019machine,
  title={A machine-learning-based hardware-Trojan detection approach for chips in the Internet of Things},
  author={Dong, Chen and Chen, Jinghui and Guo, Wenzhong and Zou, Jian},
  journal={International Journal of Distributed Sensor Networks},
  volume={15},
  number={12},
  pages={1550147719888098},
  year={2019},
  publisher={SAGE Publications Sage UK: London, England}
}

@article{hasegawa2017hardware,
  title={A hardware-Trojan classification method using machine learning at gate-level netlists based on Trojan features},
  author={Hasegawa, Kento and Yanagisawa, Masao and Togawa, Nozomu},
  journal={IEICE Transactions on Fundamentals of Electronics, Communications and Computer Sciences},
  volume={100},
  number={7},
  pages={1427--1438},
  year={2017},
  publisher={The Institute of Electronics, Information and Communication Engineers}
}

@inproceedings{kulkarni2016adaptive,
  title={Adaptive real-time trojan detection framework through machine learning},
  author={Kulkarni, Amey and Pino, Youngok and Mohsenin, Tinoosh},
  booktitle={2016 IEEE international symposium on hardware oriented security and trust (HOST)},
  pages={120--123},
  year={2016},
  organization={IEEE}
}



@inproceedings{hasegawa2017trojan,
  title={Trojan-feature extraction at gate-level netlists and its application to hardware-Trojan detection using random forest classifier},
  author={Hasegawa, Kento and Yanagisawa, Masao and Togawa, Nozomu},
  booktitle={2017 IEEE International Symposium on Circuits and Systems (ISCAS)},
  pages={1--4},
  year={2017},
  organization={IEEE}
}


@inproceedings{han2019hardware,
  title={Hardware trojans detection at register transfer level based on machine learning},
  author={Han, Tao and Wang, Yuze and Liu, Peng},
  booktitle={2019 IEEE International Symposium on Circuits and Systems (ISCAS)},
  pages={1--5},
  year={2019},
  organization={IEEE}
}


@article{botero2021hardware,
  title={Hardware trust and assurance through reverse engineering: A tutorial and outlook from image analysis and machine learning perspectives},
  author={Botero, Ulbert J and Wilson, Ronald and Lu, Hangwei and Rahman, Mir Tanjidur and Mallaiyan, Mukhil A and Ganji, Fatemeh and Asadizanjani, Navid and Tehranipoor, Mark M and Woodard, Damon L and Forte, Domenic},
  journal={ACM Journal on Emerging Technologies in Computing Systems (JETC)},
  volume={17},
  number={4},
  pages={1--53},
  year={2021},
  publisher={ACM New York, NY}
}

@article{liu2021two,
  title={Two sides of the same coin: Boons and banes of machine learning in hardware security},
  author={Liu, Wenye and Chang, Chip-Hong and Wang, Xueyang and Liu, Chen and Fung, Jason M and Ebrahimabadi, Mohammad and Karimi, Naghmeh and Meng, Xingyu and Basu, Kanad},
  journal={IEEE Journal on Emerging and Selected Topics in Circuits and Systems},
  volume={11},
  number={2},
  pages={228--251},
  year={2021},
  publisher={IEEE}
}


@inproceedings{yu2020novel,
  title={A novel feature extraction strategy for hardware trojan detection},
  author={Yu, Shichao and Gu, Chongyan and Liu, Weiqiang and O'Neill, Maire},
  booktitle={2020 IEEE International Symposium on Circuits and Systems (ISCAS)},
  pages={1--5},
  year={2020},
  organization={IEEE}
}

@ARTICLE{9994051,
  author={Piliposyan, Gor and Khursheed, Saqib},
  journal={IEEE Transactions on Computers}, 
  title={PCB Hardware Trojan Run-Time Detection Through Machine Learning}, 
  year={2022},
  volume={},
  number={},
  pages={1-13},
  doi={10.1109/TC.2022.3230877}}

@inproceedings{hepp2022golden,
  title={Golden model-free hardware trojan detection by classification of netlist module graphs},
  author={Hepp, Alexander and Baehr, Johanna and Sigl, Georg},
  booktitle={2022 Design, Automation \& Test in Europe Conference \& Exhibition (DATE)},
  pages={1317--1322},
  year={2022},
  organization={IEEE}
}


@inproceedings{gohil2022attrition,
  title={ATTRITION: Attacking Static Hardware Trojan Detection Techniques Using Reinforcement Learning},
  author={Gohil, Vasudev and Guo, Hao and Patnaik, Satwik and Rajendran, Jeyavijayan},
  booktitle={Proceedings of the 2022 ACM SIGSAC Conference on Computer and Communications Security},
  pages={1275--1289},
  year={2022}
}

@inproceedings{alrahis2022embracing,
  title={Embracing Graph Neural Networks for Hardware Security},
  author={Alrahis, Lilas and Patnaik, Satwik and Shafique, Muhammad and Sinanoglu, Ozgur},
  booktitle={Proceedings of the 41st IEEE/ACM International Conference on Computer-Aided Design},
  pages={1--9},
  year={2022}
}

@inproceedings{downing2021deepreflect,
  title={DeepReflect: Discovering Malicious Functionality through Binary Reconstruction.},
  author={Downing, Evan and Mirsky, Yisroel and Park, Kyuhong and Lee, Wenke},
  booktitle={USENIX Security Symposium},
  pages={3469--3486},
  year={2021}
}

@inproceedings{severi2021explanation,
  title={Explanation-Guided Backdoor Poisoning Attacks Against Malware Classifiers.},
  author={Severi, Giorgio and Meyer, Jim and Coull, Scott E and Oprea, Alina},
  booktitle={USENIX Security Symposium},
  pages={1487--1504},
  year={2021}
}




@inproceedings{yang2021cade,
  title={CADE: Detecting and Explaining Concept Drift Samples for Security Applications.},
  author={Yang, Limin and Guo, Wenbo and Hao, Qingying and Ciptadi, Arridhana and Ahmadzadeh, Ali and Xing, Xinyu and Wang, Gang},
  booktitle={USENIX security symposium},
  pages={2327--2344},
  year={2021}
}

@inproceedings{wu2022hardware,
  title={Hardware Trojan Detection at LUT: Where Structural Features Meet Behavioral Characteristics},
  author={Wu, Lingjuan and Zhang, Xuelin and Wang, Siyi and Hu, Wei},
  booktitle={2022 IEEE International Symposium on Hardware Oriented Security and Trust (HOST)},
  pages={121--124},
  year={2022},
  organization={IEEE}
}

@article{gubbi2023hardware,
  title={Hardware Trojan Detection Using Machine Learning: A Tutorial},
  author={Gubbi, Kevin Immanuel and Latibari, Banafsheh Saber and Srikanth, Anirudh and Sheaves, Tyler and Beheshti-Shirazi, Sayed Arash and Pd, Sai Manoj and Rafatirad, Satareh and Sasan, Avesta and Homayoun, Houman and Salehi, Soheil},
  journal={ACM Transactions on Embedded Computing Systems},
  year={2023},
  publisher={ACM New York, NY}
}


@article{koylu2023survey,
  title={A Survey on Machine Learning in Hardware Security},
  author={K{\"o}yl{\"u}, Troya {\c{C}}a{\u{g}}{\i}l and Reinbrecht, Cezar Rodolfo Wedig and Gebregiorgis, Anteneh and Hamdioui, Said and Taouil, Mottaqiallah},
  journal={ACM Journal on Emerging Technologies in Computing Systems},
  year={2023},
  publisher={ACM New York, NY}
}


@article{ashok2022hardware,
  title={Hardware trojan detection using unsupervised deep learning on quantum diamond microscope magnetic field images},
  author={Ashok, Maitreyi and Turner, Matthew J and Walsworth, Ronald L and Levine, Edlyn V and Chandrakasan, Anantha P},
  journal={ACM Journal on Emerging Technologies in Computing Systems (JETC)},
  volume={18},
  number={4},
  pages={1--25},
  year={2022},
  publisher={ACM New York, NY}
}


@article{chen2023adatest,
  title={AdaTest: Reinforcement learning and adaptive sampling for on-chip hardware Trojan detection},
  author={Chen, Huili and Zhang, Xinqiao and Huang, Ke and Koushanfar, Farinaz},
  journal={ACM Transactions on Embedded Computing Systems},
  volume={22},
  number={2},
  pages={1--23},
  year={2023},
  publisher={ACM New York, NY}
}


@inproceedings{partin2022keynote,
  title={Keynote Talk: Machine Learning for Hardware Security-from Application to Transformative Impact},
  author={Partin-Vaisband, Inna},
  booktitle={2022 15th IEEE/ACM International Workshop on Network on Chip Architectures (NoCArc)},
  pages={1--1},
  year={2022},
  organization={IEEE}
}


@inproceedings{gohil2022deterrent,
  title={DETERRENT: detecting trojans using reinforcement learning},
  author={Gohil, Vasudev and Patnaik, Satwik and Guo, Hao and Kalathil, Dileep and Rajendran, Jeyavijayan},
  booktitle={Proceedings of the 59th ACM/IEEE Design Automation Conference},
  pages={697--702},
  year={2022}
}







@ARTICLE{10057978,
  author={Pan, Zhixin and Mishra, Prabhat},
  journal={IEEE Transactions on Computers}, 
  title={AI Trojan Attack for Evading Machine Learning-based Detection of Hardware Trojans}, 
  year={2023},
  volume={},
  number={},
  pages={1-14},
  doi={10.1109/TC.2023.3251864}}




@inproceedings{pan2022design,
  author={Pan, Zhixin and Mishra, Prabhat},
  title={Design of AI trojans for evading machine learning-based detection of hardware trojans},
  booktitle={2022 Design, Automation \& Test in Europe Conference \& Exhibition (DATE)},
  pages={682--687},
  year={2022},
  organization={IEEE}
}

@inproceedings{quiring2022and,
  title={Dos and don’ts of machine learning in computer security},
  author={Quiring, E and Pendlebury, F and Warnecke, A and Pierazzi, F and Wressnegger, C and Cavallaro, L and Rieck, K},
  booktitle={31st USENIX Security Symposium (USENIX Security 22), USENIX Association, Boston, MA},
  year={2022}
}


@conference {285613,
author = {Fabr{\'\i}cio Ceschin},
title = {Spotting the Differences: Quirks of Machine Learning (in) Security},
year = {2023},
address = {Santa Clara, CA},
publisher = {USENIX Association},
month = jan,
}

@article{tibshirani2019conformal,
  title={Conformal prediction under covariate shift},
  author={Tibshirani, Ryan J and Foygel Barber, Rina and Candes, Emmanuel and Ramdas, Aaditya},
  journal={Advances in neural information processing systems},
  volume={32},
  year={2019}
}

@article{shafer2008tutorial,
  title={A Tutorial on Conformal Prediction.},
  author={Shafer, Glenn and Vovk, Vladimir},
  journal={Journal of Machine Learning Research},
  volume={9},
  number={3},
  year={2008}
}

@INPROCEEDINGS{10027082,
  author={Bowman, David C and Emmert, J Marty},
  booktitle={2022 IEEE International Symposium on Smart Electronic Systems (iSES)}, 
  title={Hardware Trojan Detection Through Multimodal Image Processing and Analysis}, 
  year={2022},
  volume={},
  number={},
  pages={712-717},
  doi={10.1109/iSES54909.2022.00159}}


@article{lofstrom2015bias,
  title={Bias reduction through conditional conformal prediction},
  author={L{\"o}fstr{\"o}m, Tuve and Bostr{\"o}m, Henrik and Linusson, Henrik and Johansson, Ulf},
  journal={Intelligent Data Analysis},
  volume={19},
  number={6},
  pages={1355--1375},
  year={2015},
  publisher={IOS Press}
}

@article{sankaranarayanan2022semantic,
  title={Semantic uncertainty intervals for disentangled latent spaces},
  author={Sankaranarayanan, Swami and Angelopoulos, Anastasios N and Bates, Stephen and Romano, Yaniv and Isola, Phillip}
}


@article{wan2022fractional,
  title={Fractional multiscale phase permutation entropy for quantifying the complexity of nonlinear time series},
  author={Wan, Li and Ling, Guang and Guan, Zhi-Hong and Fan, Qingju and Tong, Yu-Han},
  journal={Physica A: Statistical Mechanics and its Applications},
  volume={600},
  pages={127506},
  year={2022},
  publisher={Elsevier}
}

@inproceedings{shi2019golden,
  title={Golden gates: A new hybrid approach for rapid hardware trojan detection using testing and imaging},
  author={Shi, Qihang and Vashistha, Nidish and Lu, Hangwei and Shen, Haoting and Tehranipoor, Bahar and Woodard, Damon L and Asadizanjani, Navid},
  booktitle={2019 IEEE international symposium on hardware oriented security and trust (HOST)},
  pages={61--71},
  year={2019},
  organization={IEEE}
}

@inproceedings{vashistha2018trojan,
  title={Trojan scanner: Detecting hardware trojans with rapid sem imaging combined with image processing and machine learning},
  author={Vashistha, Nidish and Lu, Hangwei and Shi, Qihang and Rahman, M Tanjidur and Shen, Haoting and Woodard, Damon L and Asadizanjani, Navid and Tehranipoor, Mark},
  booktitle={ISTFA 2018: Proceedings from the 44th International Symposium for Testing and Failure Analysis},
  pages={256},
  year={2018},
  organization={ASM International}
}

@inproceedings{francq2015introduction,
  title={Introduction to hardware Trojan detection methods},
  author={Francq, Julien and Frick, Florian},
  booktitle={2015 Design, Automation \& Test in Europe Conference \& Exhibition (DATE)},
  pages={770--775},
  year={2015},
  organization={IEEE}
}

@inproceedings{gbade2014signature,
  title={A signature based architecture for Trojan detection},
  author={Gbade-Alabi, Aderinola and Keezer, David and Mooney, Vincent and Poschmann, Axel Y and St{\"o}ttinger, Marc and Divekar, Kshitij},
  booktitle={Proceedings of the 9th Workshop on Embedded Systems Security},
  pages={1--10},
  year={2014}
}

@inproceedings{bao2014application,
  title={On application of one-class SVM to reverse engineering-based hardware Trojan detection},
  author={Bao, Chongxi and Forte, Domenic and Srivastava, Ankur},
  booktitle={Fifteenth International Symposium on Quality Electronic Design},
  pages={47--54},
  year={2014},
  organization={IEEE}
}

@article{ovadia2019can,
  title={Can you trust your model's uncertainty? evaluating predictive uncertainty under dataset shift},
  author={Ovadia, Yaniv and Fertig, Emily and Ren, Jie and Nado, Zachary and Sculley, David and Nowozin, Sebastian and Dillon, Joshua and Lakshminarayanan, Balaji and Snoek, Jasper},
  journal={Advances in neural information processing systems},
  volume={32},
  year={2019}
}

@article{angelopoulos2023conformal,
  title={Conformal Prediction:: A Gentle Introduction},
  author={Angelopoulos, Anastasios N and Bates, Stephen},
  journal={Foundations and Trends{\textregistered} in Machine Learning},
  volume={16},
  number={4},
  pages={494--591},
  year={2023},
  publisher={Now Publishers Boston—Delft}
}


@inproceedings{bostrom2021mondrian,
  title={Mondrian conformal predictive distributions},
  author={Bostr{\"o}m, Henrik and Johansson, Ulf and L{\"o}fstr{\"o}m, Tuwe},
  booktitle={Conformal and Probabilistic Prediction and Applications},
  pages={24--38},
  year={2021},
  organization={PMLR}
}

@article{bates2021distribution,
  title={Distribution-free, risk-controlling prediction sets},
  author={Bates, Stephen and Angelopoulos, Anastasios and Lei, Lihua and Malik, Jitendra and Jordan, Michael},
  journal={Journal of the ACM (JACM)},
  volume={68},
  number={6},
  pages={1--34},
  year={2021},
  publisher={ACM New York, NY}
}

@inproceedings{johansson2017model,
  title={Model-agnostic nonconformity functions for conformal classification},
  author={Johansson, Ulf and Linusson, Henrik and L{\"o}fstr{\"o}m, Tuve and Bostr{\"o}m, Henrik},
  booktitle={2017 International Joint Conference on Neural Networks (IJCNN)},
  pages={2072--2079},
  year={2017},
  organization={IEEE}
}

@data{px6s-sm21-22,
doi = {10.21227/px6s-sm21},
url = {https://dx.doi.org/10.21227/px6s-sm21},
author = {Salmani, Hassan and Tehranipoor, Mark and Sutikno, Sarwono and Wijitrisnanto, Fajar },
publisher = {IEEE Dataport},
title = {Trust-Hub Trojan Benchmark for Hardware Trojan Detection Model Creation using Machine Learning },
year = {2022} }

@article{dieber2020model,
  title={Why model why? Assessing the strengths and limitations of LIME},
  author={Dieber, J{\"u}rgen and Kirrane, Sabrina},
  journal={arXiv preprint arXiv:2012.00093},
  year={2020}
}

@inproceedings{Rezaei:BreakUnroll,
author = {Rezaei, Amin and Afsharmazayejani, Raheel and Maynard, Jordan},
title = {Evaluating the Security of EFPGA-Based Redaction Algorithms},
year = {2022},
booktitle = {IEEE/ACM International Conference on Computer-Aided Design (ICCAD)},
articleno = {154},
numpages = {7},
}

@INPROCEEDINGS{Rezaei:PUF,
  author={Rezaei, Amin and Hedayatipour, Ava and Sayadi, Hossein and Aliasgari, Mehrdad and Zhou, Hai},
  booktitle={IEEE International Symposium on Hardware Oriented Security and Trust (HOST)}, 
  title={Global Attack and Remedy on IC-Specific Logic Encryption}, 
  year={2022},
  pages={145-148},
}

@INPROCEEDINGS{Maynard:DK-Lock,
  author={Maynard, Jordan and Rezaei, Amin},
  booktitle={International Symposium on Quality Electronic Design (ISQED)}, 
  title={DK Lock: Dual Key Logic Locking Against Oracle-Guided Attacks}, 
  year={2023},
  pages={1-7},
}

@inproceedings{Aghamohammadi:CoLA,
author = {Aghamohammadi, Yeganeh and Rezaei, Amin},
title = {CoLA: Convolutional Neural Network Model for Secure Low Overhead Logic Locking Assignment},
year = {2023},
booktitle = {Proceedings of the Great Lakes Symposium on VLSI (GLSVLSI)},
pages = {339–344},
numpages = {6},
}


@article{balasubramanian2015conformal,
  title={Conformal predictions for information fusion: A comparative study of p-value combination methods},
  author={Balasubramanian, Vineeth N and Chakraborty, Shayok and Panchanathan, Sethuraman},
  journal={Annals of Mathematics and Artificial Intelligence},
  volume={74},
  number={1-2},
  pages={45--65},
  year={2015},
  publisher={Springer}
}

@article{yu2021hw2vec,
  url={https://dx.doi.org/10.21227/j1vv-hw18},
  title={HW2VEC: A Graph Learning Tool for Automating Hardware Security},
  author={Yu, Shih-Yuan and Yasaei, Rozhin and Zhou, Qingrong and Nguyen, Tommy and Faruque, Mohammad Abdullah Al},
  journal={arXiv preprint arXiv:2107.12328},
  year={2021}
}
@INPROCEEDINGS{salmani2017hardware,
  title={Hardware trojan attacks and countermeasures},
  author={Salmani, Hassan},
  editor={Bhunia, Swarup and Ray, Sandip and Sur-Kolay, Susmita},
  booktitle={Fundamentals of IP and SoC Security: Design, Verification, and Debug},
  pages={247--276},
  year={2017},
  publisher={Springer}
}

@article{gubbi2023hardware,
  title={Hardware Trojan Detection Using Machine Learning: A Tutorial},
  author={Gubbi, Kevin Immanuel and Saber Latibari, Banafsheh and Srikanth, Anirudh and Sheaves, Tyler and Beheshti-Shirazi, Sayed Arash and PD, Sai Manoj and Rafatirad, Satareh and Sasan, Avesta and Homayoun, Houman and Salehi, Soheil},
  journal={ACM Transactions on Embedded Computing Systems},
  volume={22},
  number={3},
  pages={1--26},
  year={2023},
  publisher={ACM New York, NY}
}

@article{huang2020survey,
  title={A survey on machine learning against hardware trojan attacks: Recent advances and challenges},
  author={Huang, Zhao and Wang, Quan and Chen, Yin and Jiang, Xiaohong},
  journal={IEEE Access},
  volume={8},
  pages={10796--10826},
  year={2020},
}

@inproceedings{liakos2019machine,
  title={Machine learning for hardware trojan detection: A review},
  author={Liakos, Konstantinos G and Georgakilas, Georgios K and Moustakidis, Serafeim and Karlsson, Patrik and Plessas, Fotis C},
  booktitle={Panhellenic Conference on Electronics \& Telecommunications (PACET)},
  pages={1--6},
  year={2019},
}

@article{koblah2023survey,
  title={A survey and perspective on artificial intelligence for security-aware electronic design automation},
  author={Koblah, David and Acharya, Rabin and Capecci, Daniel and Dizon-Paradis, Olivia and Tajik, Shahin and Ganji, Fatemeh and Woodard, Damon and Forte, Domenic},
  journal={ACM Transactions on Design Automation of Electronic Systems},
  volume={28},
  number={2},
  pages={1--57},
  year={2023},
  publisher={ACM New York, NY}
}

@article{belous2020methods,
  title={Methods of Detecting Hardware Trojans in Microcircuits},
  author={Belous, Anatoly and Saladukha, Vitali and Belous, Anatoly and Saladukha, Vitali},
  journal={Viruses, Hardware and Software Trojans: Attacks and Countermeasures},
  pages={453--502},
  year={2020},
  publisher={Springer}
}

@article{srivastava2012multimodal,
  title={Multimodal learning with deep boltzmann machines},
  author={Srivastava, Nitish and Salakhutdinov, Russ R},
  journal = {Journal of Machine Learning Research},
  year    = {2014},
  volume  = {15},
  number  = {84},
  pages   = {2949--2980},
}

@article{wang2021cross,
  title={Cross-modal food retrieval: learning a joint embedding of food images and recipes with semantic consistency and attention mechanism},
  author={Wang, Hao and Sahoo, Doyen and Liu, Chenghao and Shu, Ke and Achananuparp, Palakorn and Lim, Ee-peng and Hoi, Steven CH},
  journal={IEEE Transactions on Multimedia},
  volume={24},
  pages={2515--2525},
  year={2021},
  publisher={IEEE}
}

@article{nguyen2021gefa,
  title={Gefa: early fusion approach in drug-target affinity prediction},
  author={Nguyen, Tri Minh and Nguyen, Thin and Le, Thao Minh and Tran, Truyen},
  journal={IEEE/ACM transactions on computational biology and bioinformatics},
  volume={19},
  number={2},
  pages={718--728},
  year={2021},
  publisher={IEEE}
}
@article{trong2020late,
  title={Late fusion of multimodal deep neural networks for weeds classification},
  author={Trong, Vo Hoang and Gwang-hyun, Yu and Vu, Dang Thanh and Jin-young, Kim},
  journal={Computers and Electronics in Agriculture},
  volume={175},
  pages={105506},
  year={2020},
  publisher={Elsevier}
}



@article{lahat2015multimodal,
  title={Multimodal data fusion: an overview of methods, challenges, and prospects},
  author={Lahat, Dana and Adali, T{\"u}lay and Jutten, Christian},
  journal={Proceedings of the IEEE},
  volume={103},
  number={9},
  pages={1449--1477},
  year={2015},
  publisher={IEEE}
}

@inproceedings{ngiam2011multimodal,
  title={Multimodal deep learning},
  author={Ngiam, Jiquan and Khosla, Aditya and Kim, Mingyu and Nam, Juhan and Lee, Honglak and Ng, Andrew Y},
  booktitle={Proceedings International Conference on Machine Learning (ICML)},
  pages={689--696},
  year={2011}
}


@article{li2022interpretable,
  title={Interpretable deep learning: Interpretation, interpretability, trustworthiness, and beyond},
  author={Li, Xuhong and Xiong, Haoyi and Li, Xingjian and Wu, Xuanyu and Zhang, Xiao and Liu, Ji and Bian, Jiang and Dou, Dejing},
  journal={Knowledge and Information Systems},
  volume={64},
  number={12},
  pages={3197--3234},
  year={2022},
  publisher={Springer}
}



@inproceedings{caruana2020intelligible,
  title={Intelligible and explainable machine learning: Best practices and practical challenges},
  author={Caruana, Rich and Lundberg, Scott and Ribeiro, Marco Tulio and Nori, Harsha and Jenkins, Samuel},
  booktitle={Proceedings of the 26th ACM SIGKDD international conference on knowledge discovery \& data mining},
  pages={3511--3512},
  year={2020}
}



@article{west2023towards,
  title={Towards quantum enhanced adversarial robustness in machine learning},
  author={West, Maxwell T and Tsang, Shu-Lok and Low, Jia S and Hill, Charles D and Leckie, Christopher and Hollenberg, Lloyd CL and Erfani, Sarah M and Usman, Muhammad},
  journal={Nature Machine Intelligence},
  pages={1--9},
  year={2023},
  publisher={Nature Publishing Group UK London}
}


@article{monjur2023hardware,
  title={Hardware Security Risks and Threat Analyses in Advanced Manufacturing Industry},
  author={Monjur, Mohammad and Calzadillas, Joshua and Yu, Qiaoyan},
  journal={ACM Transactions on Design Automation of Electronic Systems},
  year={2023},
  publisher={ACM New York, NY}
}

@article{chandra2023efficient,
  title={Efficient design and analysis of secure CMOS logic through logic encryption},
  author={Chandra, Sai Srinivas and Kannan, R Jagadeesh and Balaji, B Saravana and Veeramachaneni, Sreehari and Noor Mahammad, Sk},
  journal={Scientific Reports},
  volume={13},
  number={1},
  pages={1145},
  year={2023},
  publisher={Nature Publishing Group UK London}
}



@inproceedings{nishita2023hardware,
  title={Hardware Trojan Prevention using Logic Obfuscation},
  author={Nishita, N Shiny and Shamly, A Janet and Sivamangai, NM and Naveenkumar, R and Marghi, J Chella and Bose, M Subash Chandra},
  booktitle={2023 International Conference on Sustainable Computing and Smart Systems (ICSCSS)},
  pages={1466--1470},
  year={2023},
  organization={IEEE}
}

@inproceedings{nahiyan2017hardware,
  title={Hardware trojan detection through information flow security verification},
  author={Nahiyan, Adib and Sadi, Mehdi and Vittal, Rahul and Contreras, Gustavo and Forte, Domenic and Tehranipoor, Mark},
  booktitle={2017 IEEE International Test Conference (ITC)},
  pages={1--10},
  year={2017},
  organization={IEEE}
}



@article{monjur2023hardware,
  title={Hardware Security Risks and Threat Analyses in Advanced Manufacturing Industry},
  author={Monjur, Mohammad and Calzadillas, Joshua and Yu, Qiaoyan},
  journal={ACM Transactions on Design Automation of Electronic Systems},
  year={2023},
  publisher={ACM New York, NY}
}

@inproceedings{panduro2023effective,
  title={The Effective Role of Cyber Security in Supply Chain to Enhance Supply Chain Performance and Collaboration},
  author={Panduro-Ramirez, Jeidy and Buddhi, Dharam and Vekariya, Vipul and Pillai, Biju G and Tida, Nagabhushanam and others},
  booktitle={2023 3rd International Conference on Advance Computing and Innovative Technologies in Engineering (ICACITE)},
  pages={838--842},
  year={2023},
  organization={IEEE}
}

@phdthesis{chang2023supplier,
  title={Supplier Development Framework in Supply Chain Cybersecurity Evaluation of Small and Medium-sized Enterprises},
  author={Chang, Erh Chieh},
  year={2023},
  school={Massachusetts Institute of Technology}
}

@inproceedings{muralidhar2021contrastive,
  title={Contrastive graph convolutional networks for hardware Trojan detection in third party IP cores},
  author={Muralidhar, Nikhil and Zubair, Abdullah and Weidler, Nathanael and Gerdes, Ryan and Ramakrishnan, Naren},
  booktitle={2021 IEEE International Symposium on Hardware Oriented Security and Trust (HOST)},
  pages={181--191},
  year={2021},
  organization={IEEE}
}

@inproceedings{narasimhan2011tesr,
  title={TeSR: A robust temporal self-referencing approach for hardware Trojan detection},
  author={Narasimhan, Seetharam and Wang, Xinmu and Du, Dongdong and Chakraborty, Rajat Subhra and Bhunia, Swarup},
  booktitle={2011 IEEE International Symposium on Hardware-Oriented Security and Trust},
  pages={71--74},
  year={2011},
  organization={IEEE}
}



@ARTICLE{px6s-sm21-22,
doi = {10.21227/px6s-sm21},
url = {https://dx.doi.org/10.21227/px6s-sm21},
author = {Salmani, Hassan and Tehranipoor, Mark and Sutikno, Sarwono and Wijitrisnanto, Fajar },
publisher = {IEEE Dataport},
title = {Trust-Hub Trojan Benchmark for Hardware Trojan Detection Model Creation using Machine Learning },
year = {2022} }

@ARTICLE{Salmani:HTDetection,
  author = {Salmani, Hassan},
  journal={IEEE Transactions on Information Forensics and Security}, 
  title={COTD: Reference-Free Hardware Trojan Detection and Recovery Based on Controllability and Observability in Gate-Level Netlist}, 
  year={2017},
  volume={12},
  number={2},
  pages={338--350},
}

@article{liakos2022gainesis,
  title={GAINESIS: Generative Artificial Intelligence NEtlists SynthesIS},
  author={Liakos, Konstantinos G and Georgakilas, Georgios K and Plessas, Fotis C and Kitsos, Paris},
  journal={Electronics},
  volume={11},
  number={2},
  pages={245},
  year={2022},
  publisher={Multidisciplinary Digital Publishing Institute}
}

@data{j1vv-hw18-21,
doi = {10.21227/j1vv-hw18},
url = {https://dx.doi.org/10.21227/j1vv-hw18},
author = {Yasaei, Rozhin and Yu, Shih-Yuan and Zhou, Qingrong and Al Faruque, Mohammad Abdullah},
publisher = {IEEE Dataport},
title = {Hardware Design Dataset for Circuit Graph Analysis},
year = {2021} }

@software{henry_wilde_2021_4412535,
  author       = {Henry Wilde and
                  Vince Knight},
  title        = {daffidwilde/edo v0.3.6},
  month        = jan,
  year         = 2021,
  publisher    = {Zenodo},
  version      = {v0.3.6},
  doi          = {10.5281/zenodo.4412535},
  url          = {https://doi.org/10.5281/zenodo.4412535}
}

@article{edo-paper,
    title = {Evolutionary dataset optimisation: learning algorithm quality
             through evolution},
    author = {Wilde, Henry and Knight, Vincent and Gillard, Jonathan},
    journal = {Applied Intelligence},
    year = 2020,
    volume = 50,
    pages = {1172--1191},
    doi = {10.1007/s10489-019-01592-4},
}

@inproceedings{pan2023hardware,
  title={Hardware Trojan Detection Using Shapley Ensemble Boosting},
  author={Pan, Zhixin and Mishra, Prabhat},
  booktitle={Proceedings of the 28th Asia and South Pacific Design Automation Conference},
  pages={496--503},
  year={2023}
}

@inproceedings{vovk2016criteria,
  title={Criteria of efficiency for conformal prediction},
  author={Vovk, Vladimir and Fedorova, Valentina and Nouretdinov, Ilia and Gammerman, Alexander},
  booktitle={Conformal and Probabilistic Prediction with Applications: 5th International Symposium, COPA 2016, Madrid, Spain, April 20-22, 2016, Proceedings 5},
  pages={23--39},
  year={2016},
  organization={Springer}
}

@article{laland2014does,
  title={Does evolutionary theory need a rethink?},
  author={Laland, Kevin and Uller, Tobias and Feldman, Marc and Sterelny, Kim and M{\"u}ller, Gerd B and Moczek, Armin and Jablonka, Eva and Odling-Smee, John and Wray, Gregory A and Hoekstra, Hopi E and others},
  journal={Nature},
  volume={514},
  number={7521},
  pages={161--164},
  year={2014},
  publisher={Nature Publishing Group UK London}
}

@misc{vishwakarma2022systems,
  title={Systems and methods for device thermal management using dynamic ranking of device cooling needs},
  author={Vishwakarma, Rahul Deo and Gaikward, Hemant and Singh, Ashish},
  year={2022},
  month=may # "~12",
  publisher={Google Patents},
  note={US Patent App. 17/092,812}
}

@misc{liu2022anomaly,
  title={Anomaly aware log retrieval from disk array enclosures (DAEs)},
  author={Liu, Bing and Vishwakarma, Rahul},
  year={2022},
  month=nov # "~29",
  publisher={Google Patents},
  note={US Patent 11,513,931}
}

@inproceedings{vishwakarma2022selective,
  title={Selective scrubbing based on algorithmic randomness},
  author={Vishwakarma, Rahul and Liu, Bing and Gatsby, Peter and Hwang, Jinha},
  booktitle={Proceedings of the 15th ACM International Conference on Systems and Storage},
  pages={141--141},
  year={2022}
}

@article{xu2019modeling,
  title={Modeling tabular data using conditional gan},
  author={Xu, Lei and Skoularidou, Maria and Cuesta-Infante, Alfredo and Veeramachaneni, Kalyan},
  journal={Advances in Neural Information Processing Systems},
  volume={32},
  year={2019}
}

@article{cruz2022MIMIC,
title = {Automatic Hardware Trojan Insertion using Machine Learning},
author = {Jonathan Cruz and Pravin Gaikwad and Abhishek Nair and Prabuddha Chakraborty and Swarup Bhunia},
year = {2022},
date = {2022-01-01},
journal = {arXiv preprint arXiv:2204.08580},
keywords = {},
pubstate = {published},
tppubtype = {article}
}


@article{catto2010box2d,
  title={Box2D},
  author={Catto, Erin},
  journal={Available fro m: http://www. box2d. org},
  year={2010}
}

@inproceedings{yu2019improved,
  title={An improved automatic hardware Trojan generation platform},
  author={Yu, Shichao and Liu, Weiqiang and O'Neill, Maire},
  booktitle={2019 IEEE Computer Society Annual Symposium on VLSI (ISVLSI)},
  pages={302--307},
  year={2019},
  organization={IEEE}
}

@article{etemadi1981elementary,
  title={An elementary proof of the strong law of large numbers},
  author={Etemadi, Nasrollah},
  journal={Zeitschrift f{\"u}r Wahrscheinlichkeitstheorie und verwandte Gebiete},
  volume={55},
  number={1},
  pages={119--122},
  year={1981},
  publisher={Springer}
}
@article{smythe1973strong,
  title={Strong laws of large numbers for r-dimensional arrays of random variables},
  author={Smythe, Robert T},
  journal={The Annals of Probability},
  pages={164--170},
  year={1973},
  publisher={JSTOR}
}

@article{zhao2023gtv,
  title={GTV: Generating Tabular Data via Vertical Federated Learning},
  author={Zhao, Zilong and Wu, Han and Van Moorsel, Aad and Chen, Lydia Y},
  journal={arXiv preprint arXiv:2302.01706},
  year={2023}
}

@article{ashrapov2020tabular,
  title={Tabular GANs for uneven distribution},
  author={Ashrapov, Insaf},
  journal={arXiv preprint arXiv:2010.00638},
  year={2020}
}

@article{sisejkovic2021challenging,
  title={Challenging the security of logic locking schemes in the era of deep learning: A neuroevolutionary approach},
  author={Sisejkovic, Dominik and Merchant, Farhad and Reimann, Lennart M and Srivastava, Harshit and Hallawa, Ahmed and Leupers, Rainer},
  journal={ACM Journal on Emerging Technologies in Computing Systems (JETC)},
  volume={17},
  number={3},
  pages={1--26},
  year={2021},
  publisher={ACM New York, NY}
}

@article{holland1992genetic,
  title={Genetic algorithms},
  author={Holland, John H},
  journal={Scientific american},
  volume={267},
  number={1},
  pages={66--73},
  year={1992},
  publisher={JSTOR}
}

@article{goodfellow2020generative,
  title={Generative adversarial networks},
  author={Goodfellow, Ian and Pouget-Abadie, Jean and Mirza, Mehdi and Xu, Bing and Warde-Farley, David and Ozair, Sherjil and Courville, Aaron and Bengio, Yoshua},
  journal={Communications of the ACM},
  volume={63},
  number={11},
  pages={139--144},
  year={2020},
  publisher={ACM New York, NY, USA}
}

@article{sankaranarayanan2022semantic,
  title={Semantic uncertainty intervals for disentangled latent spaces},
  author={Sankaranarayanan, Swami and Angelopoulos, Anastasios N and Bates, Stephen and Romano, Yaniv and Isola, Phillip}
}

@article{ojha2023towards,
  title={Towards Universal Fake Image Detectors that Generalize Across Generative Models},
  author={Ojha, Utkarsh and Li, Yuheng and Lee, Yong Jae},
  journal={arXiv preprint arXiv:2302.10174},
  year={2023}
}

@article{kang2023scaling,
  title={Scaling up GANs for Text-to-Image Synthesis},
  author={Kang, Minguk and Zhu, Jun-Yan and Zhang, Richard and Park, Jaesik and Shechtman, Eli and Paris, Sylvain and Park, Taesung},
  journal={arXiv preprint arXiv:2303.05511},
  year={2023}
}

@article{yonetani2019decentralized,
  title={Decentralized learning of generative adversarial networks from non-iid data},
  author={Yonetani, Ryo and Takahashi, Tomohiro and Hashimoto, Atsushi and Ushiku, Yoshitaka},
  journal={arXiv preprint arXiv:1905.09684},
  year={2019}
}

@article{lederrey2022datgan,
  title={DATGAN: Integrating expert knowledge into deep learning for synthetic tabular data},
  author={Lederrey, Gael and Hillel, Tim and Bierlaire, Michel},
  journal={arXiv preprint arXiv:2203.03489},
  year={2022}
}

@article{xu2018synthesizing,
  title={Synthesizing tabular data using generative adversarial networks},
  author={Xu, Lei and Veeramachaneni, Kalyan},
  journal={arXiv preprint arXiv:1811.11264},
  year={2018}
}

@article{ramasinghe2020conditional,
  title={Conditional generative modeling via learning the latent space},
  author={Ramasinghe, Sameera and Ranasinghe, Kanchana and Khan, Salman and Barnes, Nick and Gould, Stephen},
  journal={arXiv preprint arXiv:2010.03132},
  year={2020}
}

@inproceedings{kundu2021application,
  title={Application of machine learning in hardware trojan detection},
  author={Kundu, Shamik and Meng, Xingyu and Basu, Kanad},
  booktitle={22nd International Symposium on Quality Electronic Design (ISQED)},
  pages={414--419},
  year={2021},
  organization={IEEE}
}


@article{dong2019machine,
  title={A machine-learning-based hardware-Trojan detection approach for chips in the Internet of Things},
  author={Dong, Chen and Chen, Jinghui and Guo, Wenzhong and Zou, Jian},
  journal={International Journal of Distributed Sensor Networks},
  volume={15},
  number={12},
  year={2019},
  publisher={SAGE Publications Sage UK: London, England}
}

@article{hasegawa2017hardware,
  title={A hardware-Trojan classification method using machine learning at gate-level netlists based on Trojan features},
  author={Hasegawa, Kento and Yanagisawa, Masao and Togawa, Nozomu},
  journal={IEICE Transactions on Fundamentals of Electronics, Communications and Computer Sciences},
  volume={100},
  number={7},
  pages={1427--1438},
  year={2017},
  publisher={The Institute of Electronics, Information and Communication Engineers}
}

@inproceedings{kulkarni2016adaptive,
  title={Adaptive real-time trojan detection framework through machine learning},
  author={Kulkarni, Amey and Pino, Youngok and Mohsenin, Tinoosh},
  booktitle={2016 IEEE international symposium on hardware oriented security and trust (HOST)},
  pages={120--123},
  year={2016},
  organization={IEEE}
}



@inproceedings{hasegawa2017trojan,
  title={Trojan-feature extraction at gate-level netlists and its application to hardware-Trojan detection using random forest classifier},
  author={Hasegawa, Kento and Yanagisawa, Masao and Togawa, Nozomu},
  booktitle={IEEE International Symposium on Circuits and Systems (ISCAS)},
  pages={1--4},
  year={2017},
}


@inproceedings{han2019hardware,
  title={Hardware trojans detection at register transfer level based on machine learning},
  author={Han, Tao and Wang, Yuze and Liu, Peng},
  booktitle={2019 IEEE International Symposium on Circuits and Systems (ISCAS)},
  pages={1--5},
  year={2019},
  organization={IEEE}
}


@article{botero2021hardware,
  title={Hardware trust and assurance through reverse engineering: A tutorial and outlook from image analysis and machine learning perspectives},
  author={Botero, Ulbert J and Wilson, Ronald and Lu, Hangwei and Rahman, Mir Tanjidur and Mallaiyan, Mukhil A and Ganji, Fatemeh and Asadizanjani, Navid and Tehranipoor, Mark M and Woodard, Damon L and Forte, Domenic},
  journal={ACM Journal on Emerging Technologies in Computing Systems (JETC)},
  volume={17},
  number={4},
  pages={1--53},
  year={2021},
  publisher={ACM New York, NY}
}

@article{liu2021two,
  title={Two sides of the same coin: Boons and banes of machine learning in hardware security},
  author={Liu, Wenye and Chang, Chip-Hong and Wang, Xueyang and Liu, Chen and Fung, Jason M and Ebrahimabadi, Mohammad and Karimi, Naghmeh and Meng, Xingyu and Basu, Kanad},
  journal={IEEE Journal on Emerging and Selected Topics in Circuits and Systems},
  volume={11},
  number={2},
  pages={228--251},
  year={2021},
  publisher={IEEE}
}


@inproceedings{yu2020novel,
  title={A novel feature extraction strategy for hardware trojan detection},
  author={Yu, Shichao and Gu, Chongyan and Liu, Weiqiang and O'Neill, Maire},
  booktitle={2020 IEEE International Symposium on Circuits and Systems (ISCAS)},
  pages={1--5},
  year={2020},
  organization={IEEE}
}

@ARTICLE{9994051,
  author={Piliposyan, Gor and Khursheed, Saqib},
  journal={IEEE Transactions on Computers}, 
  title={PCB Hardware Trojan Run-Time Detection Through Machine Learning}, 
  year={2022},
  volume={},
  number={},
  pages={1-13},
  doi={10.1109/TC.2022.3230877}}

@inproceedings{hepp2022golden,
  title={Golden model-free hardware trojan detection by classification of netlist module graphs},
  author={Hepp, Alexander and Baehr, Johanna and Sigl, Georg},
  booktitle={2022 Design, Automation \& Test in Europe Conference \& Exhibition (DATE)},
  pages={1317--1322},
  year={2022},
  organization={IEEE}
}


@inproceedings{gohil2022attrition,
  title={ATTRITION: Attacking Static Hardware Trojan Detection Techniques Using Reinforcement Learning},
  author={Gohil, Vasudev and Guo, Hao and Patnaik, Satwik and Rajendran, Jeyavijayan},
  booktitle={Proceedings of the 2022 ACM SIGSAC Conference on Computer and Communications Security},
  pages={1275--1289},
  year={2022}
}

@inproceedings{alrahis2022embracing,
  title={Embracing Graph Neural Networks for Hardware Security},
  author={Alrahis, Lilas and Patnaik, Satwik and Shafique, Muhammad and Sinanoglu, Ozgur},
  booktitle={Proceedings of the 41st IEEE/ACM International Conference on Computer-Aided Design},
  pages={1--9},
  year={2022}
}

@inproceedings{downing2021deepreflect,
  title={DeepReflect: Discovering Malicious Functionality through Binary Reconstruction.},
  author={Downing, Evan and Mirsky, Yisroel and Park, Kyuhong and Lee, Wenke},
  booktitle={USENIX Security Symposium},
  pages={3469--3486},
  year={2021}
}

@inproceedings{severi2021explanation,
  title={Explanation-Guided Backdoor Poisoning Attacks Against Malware Classifiers.},
  author={Severi, Giorgio and Meyer, Jim and Coull, Scott E and Oprea, Alina},
  booktitle={USENIX Security Symposium},
  pages={1487--1504},
  year={2021}
}




@inproceedings{yang2021cade,
  title={CADE: Detecting and Explaining Concept Drift Samples for Security Applications.},
  author={Yang, Limin and Guo, Wenbo and Hao, Qingying and Ciptadi, Arridhana and Ahmadzadeh, Ali and Xing, Xinyu and Wang, Gang},
  booktitle={USENIX security symposium},
  pages={2327--2344},
  year={2021}
}

@inproceedings{wu2022hardware,
  title={Hardware Trojan Detection at LUT: Where Structural Features Meet Behavioral Characteristics},
  author={Wu, Lingjuan and Zhang, Xuelin and Wang, Siyi and Hu, Wei},
  booktitle={2022 IEEE International Symposium on Hardware Oriented Security and Trust (HOST)},
  pages={121--124},
  year={2022},
  organization={IEEE}
}

@article{koylu2023survey,
  title={A Survey on Machine Learning in Hardware Security},
  author={K{\"o}yl{\"u}, Troya {\c{C}}a{\u{g}}{\i}l and Reinbrecht, Cezar Rodolfo Wedig and Gebregiorgis, Anteneh and Hamdioui, Said and Taouil, Mottaqiallah},
  journal={ACM Journal on Emerging Technologies in Computing Systems},
  year={2023},
 volume={19},
  number={2, article 18},
  pages={},

}


@article{ashok2022hardware,
  title={Hardware trojan detection using unsupervised deep learning on quantum diamond microscope magnetic field images},
  author={Ashok, Maitreyi and Turner, Matthew J and Walsworth, Ronald L and Levine, Edlyn V and Chandrakasan, Anantha P},
  journal={ACM Journal on Emerging Technologies in Computing Systems (JETC)},
  volume={18},
  number={4},
  pages={1--25},
  year={2022},
  publisher={ACM New York, NY}
}


@article{chen2023adatest,
  title={AdaTest: Reinforcement learning and adaptive sampling for on-chip hardware Trojan detection},
  author={Chen, Huili and Zhang, Xinqiao and Huang, Ke and Koushanfar, Farinaz},
  journal={ACM Transactions on Embedded Computing Systems},
  volume={22},
  number={2},
  pages={1--23},
  year={2023},
  publisher={ACM New York, NY}
}


@inproceedings{partin2022keynote,
  title={Keynote Talk: Machine Learning for Hardware Security-from Application to Transformative Impact},
  author={Partin-Vaisband, Inna},
  booktitle={2022 15th IEEE/ACM International Workshop on Network on Chip Architectures (NoCArc)},
  pages={1--1},
  year={2022},
  organization={IEEE}
}


@inproceedings{gohil2022deterrent,
  title={DETERRENT: detecting trojans using reinforcement learning},
  author={Gohil, Vasudev and Patnaik, Satwik and Guo, Hao and Kalathil, Dileep and Rajendran, Jeyavijayan},
  booktitle={Proceedings of the 59th ACM/IEEE Design Automation Conference},
  pages={697--702},
  year={2022}
}







@ARTICLE{10057978,
  author={Pan, Zhixin and Mishra, Prabhat},
  journal={IEEE Transactions on Computers}, 
  title={AI Trojan Attack for Evading Machine Learning-based Detection of Hardware Trojans}, 
  year={2023},
  volume={},
  number={},
  pages={1-14},
  doi={10.1109/TC.2023.3251864}}




@inproceedings{pan2022design,
  author={Pan, Zhixin and Mishra, Prabhat},
  title={Design of AI trojans for evading machine learning-based detection of hardware trojans},
  booktitle={2022 Design, Automation \& Test in Europe Conference \& Exhibition (DATE)},
  pages={682--687},
  year={2022},
  organization={IEEE}
}

@inproceedings{quiring2022and,
  title={Dos and don’ts of machine learning in computer security},
  author={Quiring, E and Pendlebury, F and Warnecke, A and Pierazzi, F and Wressnegger, C and Cavallaro, L and Rieck, K},
  booktitle={31st USENIX Security Symposium (USENIX Security 22), USENIX Association, Boston, MA},
  year={2022}
}


@conference {285613,
author = {Fabr{\'\i}cio Ceschin},
title = {Spotting the Differences: Quirks of Machine Learning (in) Security},
year = {2023},
address = {Santa Clara, CA},
publisher = {USENIX Association},
month = jan,
}

@article{tibshirani2019conformal,
  title={Conformal prediction under covariate shift},
  author={Tibshirani, Ryan J and Foygel Barber, Rina and Candes, Emmanuel and Ramdas, Aaditya},
  journal={Advances in neural information processing systems},
  volume={32},
  year={2019}
}

@article{shafer2008tutorial,
  title={A Tutorial on Conformal Prediction.},
  author={Shafer, Glenn and Vovk, Vladimir},
  journal={Journal of Machine Learning Research},
  volume={9},
  number={3},
  pages= {371--421},
  year={2008}
}

@article{ghamisi2023anomaly,
      title={Anomaly Detection in Automated Fibre Placement: Learning with Data Limitations}, 
      author={Assef Ghamisi and Todd Charter and Li Ji and Maxime Rivard and Gil Lund and Homayoun Najjaran},
      year={2023},
      journal={ArXiv preprint ArXiv:2307.07893},
}


@article{xu2023small,
  title={Small data machine learning in materials science},
  author={Xu, Pengcheng and Ji, Xiaobo and Li, Minjie and Lu, Wencong},
  journal={npj Computational Materials},
  volume={9},
  number={1},
  pages={42},
  year={2023},
  publisher={Nature Publishing Group UK London}
}

@article{nyiri2023can,
  title={What can we learn from Small Data},
  author={Tamas Nyiri and Attila Kiss},
  journal={Infocommunications Journal, Special Issue on Applied Informatics},
  volume={},
  number={},
  pages={27--34},
  year={2023}
}



@inproceedings{kim2023heterogeneous,
  title={Heterogeneous graph learning for multi-modal medical data analysis},
  author={Kim, Sein and Lee, Namkyeong and Lee, Junseok and Hyun, Dongmin and Park, Chanyoung},
  booktitle={Proceedings of the AAAI Conference on Artificial Intelligence},
  volume={37},
  number={4},
  pages={5141--5150},
  year={2023}
}


@article{ektefaie2023multimodal,
  title={Multimodal learning with graphs},
  author={Ektefaie, Yasha and Dasoulas, George and Noori, Ayush and Farhat, Maha and Zitnik, Marinka},
  journal={Nature Machine Intelligence},
  volume={5},
  number={4},
  pages={340--350},
  year={2023},
  publisher={Nature Publishing Group UK London}
}



@article{almecija2022uncertaintyaware,
  title={Uncertainty-Aware Meta-Learning for Multimodal Task Distributions},
  author={Cesar Almecija and Apoorva Sharma and Navid Azizan},
  journal={ArXiv preprint ArXiv:2210.01881},
  year={2022},
}



@phdthesis{sarawgi2021uncertainty,
  title={Uncertainty-Aware Ensembling in Multi-Modal AI and its Applications in Digital Health for Neurodegenerative Disorders},
  author={Sarawgi, Utkarsh},
  year={2021},
  school={Massachusetts Institute of Technology}
}


@INPROCEEDINGS{wang2022uncertaintyaware,
      title={Uncertainty-aware Multi-modal Learning via Cross-modal Random Network Prediction}, 
      author={Hu Wang and Jianpeng Zhang and Yuanhong Chen and Congbo Ma and Jodie Avery and Louise Hull and Gustavo Carneiro},
      year={2022},
      booktitle={European Conference on Computer Vision (ECCV)},
      pages={200--217},
}

@INPROCEEDINGS{10027082,
  author={Bowman, David C and Emmert, J Marty},
  booktitle={2022 IEEE International Symposium on Smart Electronic Systems (iSES)}, 
  title={Hardware Trojan Detection Through Multimodal Image Processing and Analysis}, 
  year={2022},
  volume={},
  number={},
  pages={712-717},
  doi={10.1109/iSES54909.2022.00159}}


@article{lofstrom2015bias,
  title={Bias reduction through conditional conformal prediction},
  author={L{\"o}fstr{\"o}m, Tuve and Bostr{\"o}m, Henrik and Linusson, Henrik and Johansson, Ulf},
  journal={Intelligent Data Analysis},
  volume={19},
  number={6},
  pages={1355--1375},
  year={2015},
  publisher={IOS Press}
}

@article{sankaranarayanan2022semantic,
  title={Semantic uncertainty intervals for disentangled latent spaces},
  author={Sankaranarayanan, Swami and Angelopoulos, Anastasios N and Bates, Stephen and Romano, Yaniv and Isola, Phillip}
}


@article{wan2022fractional,
  title={Fractional multiscale phase permutation entropy for quantifying the complexity of nonlinear time series},
  author={Wan, Li and Ling, Guang and Guan, Zhi-Hong and Fan, Qingju and Tong, Yu-Han},
  journal={Physica A: Statistical Mechanics and its Applications},
  volume={600},
  pages={127506},
  year={2022},
  publisher={Elsevier}
}

@inproceedings{shi2019golden,
  title={Golden gates: A new hybrid approach for rapid hardware trojan detection using testing and imaging},
  author={Shi, Qihang and Vashistha, Nidish and Lu, Hangwei and Shen, Haoting and Tehranipoor, Bahar and Woodard, Damon L and Asadizanjani, Navid},
  booktitle={2019 IEEE international symposium on hardware oriented security and trust (HOST)},
  pages={61--71},
  year={2019},
  organization={IEEE}
}

@inproceedings{vashistha2018trojan,
  title={Trojan scanner: Detecting hardware trojans with rapid sem imaging combined with image processing and machine learning},
  author={Vashistha, Nidish and Lu, Hangwei and Shi, Qihang and Rahman, M Tanjidur and Shen, Haoting and Woodard, Damon L and Asadizanjani, Navid and Tehranipoor, Mark},
  booktitle={ISTFA 2018: Proceedings from the 44th International Symposium for Testing and Failure Analysis},
  pages={256},
  year={2018},
  organization={ASM International}
}

@inproceedings{francq2015introduction,
  title={Introduction to hardware Trojan detection methods},
  author={Francq, Julien and Frick, Florian},
  booktitle={2015 Design, Automation \& Test in Europe Conference \& Exhibition (DATE)},
  pages={770--775},
  year={2015},
  organization={IEEE}
}

@inproceedings{gbade2014signature,
  title={A signature based architecture for Trojan detection},
  author={Gbade-Alabi, Aderinola and Keezer, David and Mooney, Vincent and Poschmann, Axel Y and St{\"o}ttinger, Marc and Divekar, Kshitij},
  booktitle={Proceedings of the 9th Workshop on Embedded Systems Security},
  pages={1--10},
  year={2014}
}

@inproceedings{bao2014application,
  title={On application of one-class SVM to reverse engineering-based hardware Trojan detection},
  author={Bao, Chongxi and Forte, Domenic and Srivastava, Ankur},
  booktitle={5th International Symposium on Quality Electronic Design (ISQED)},
  pages={47--54},
  year={2014},
}

@inproceedings{ovadia2019can,
  title={Can you trust your model's uncertainty? evaluating predictive uncertainty under dataset shift},
  author={Ovadia, Yaniv and Fertig, Emily and Ren, Jie and Nado, Zachary and Sculley, David and Nowozin, Sebastian and Dillon, Joshua and Lakshminarayanan, Balaji and Snoek, Jasper},
  booktitle = {Proceedings of the 33rd International Conference on Neural Information Processing Systems},
   pages={14003--14014},
  year={2019}
}

@article{angelopoulos2023conformal,
  title={Conformal Prediction:: A Gentle Introduction},
  author={Angelopoulos, Anastasios N and Bates, Stephen},
  journal={Foundations and Trends{\textregistered} in Machine Learning},
  volume={16},
  number={4},
  pages={494--591},
  year={2023},
  publisher={Now Publishers Boston—Delft}
}


@inproceedings{bostrom2021mondrian,
  title={Mondrian conformal predictive distributions},
  author={Bostr{\"o}m, Henrik and Johansson, Ulf and L{\"o}fstr{\"o}m, Tuwe},
  booktitle={Symposium on Conformal and Probabilistic Prediction and Applications},
  pages={24--38},
  year={2021},
}

@article{bates2021distribution,
  title={Distribution-free, risk-controlling prediction sets},
  author={Bates, Stephen and Angelopoulos, Anastasios and Lei, Lihua and Malik, Jitendra and Jordan, Michael},
  journal={Journal of the ACM (JACM)},
  volume={68},
  number={6},
  pages={1--34},
  year={2021},
  publisher={ACM New York, NY}
}

@inproceedings{johansson2017model,
  title={Model-agnostic nonconformity functions for conformal classification},
  author={Johansson, Ulf and Linusson, Henrik and L{\"o}fstr{\"o}m, Tuve and Bostr{\"o}m, Henrik},
  booktitle={2017 International Joint Conference on Neural Networks (IJCNN)},
  pages={2072--2079},
  year={2017},
  organization={IEEE}
}

@inproceedings{gallo2017multimodal,
  title={Multimodal classification fusion in real-world scenarios},
  author={Gallo, Ignazio and Calefati, Alessandro and Nawaz, Shah},
  booktitle={IAPR International Conference on Document Analysis and Recognition (ICDAR)},
  volume={5},
  pages={36--41},
  year={2017},
}

@INPROCEEDINGS{Regazzoni:HTDetection,
  author={Bhasin, Shivam and Regazzoni, Francesco},
  booktitle={IEEE International Symposium on Circuits and Systems (ISCAS)}, 
  title={A survey on hardware trojan detection techniques}, 
  year={2015},
  volume={},
  number={},
  pages={2021-2024},
}

@INPROCEEDINGS{Guin:HTDetection,
  author={Jain, Ayush and Zhou, Ziqi and Guin, Ujjwal},
  booktitle={IEEE International Symposium on Circuits and Systems (ISCAS)}, 
  title={Survey of Recent Developments for Hardware Trojan Detection}, 
  year={2021},
  volume={},
  number={},
  pages={1-5},
}

@mastersthesis{rustad2022tabgan,
  title={tabGAN: A Framework for Utilizing Tabular GAN for Data Synthesizing and Generation of Counterfactual Explanations},
  author={Rustad, Arne},
  year={2022},
  school={NTNU}
}

@inproceedings{bischke2018overcoming,
  title={Overcoming missing and incomplete modalities with generative adversarial networks for building footprint segmentation},
  author={Bischke, Benjamin and Helber, Patrick and Koenig, Florian and Borth, Damian and Dengel, Andreas},
  booktitle={2018 International Conference on Content-Based Multimedia Indexing (CBMI)},
  pages={1--6},
  year={2018},
  organization={IEEE}
}
@inproceedings{jaques2017multimodal,
  title={Multimodal autoencoder: A deep learning approach to filling in missing sensor data and enabling better mood prediction},
  author={Jaques, Natasha and Taylor, Sara and Sano, Akane and Picard, Rosalind},
  booktitle={IEEE International Conference on Affective Computing and Intelligent Interaction (ACII)},
  pages={202--208},
  year={2017},
}


@article{creswell2018generative,
  title={Generative adversarial networks: An overview},
  author={Creswell, Antonia and White, Tom and Dumoulin, Vincent and Arulkumaran, Kai and Sengupta, Biswa and Bharath, Anil A},
  journal={IEEE signal processing magazine},
  volume={35},
  number={1},
  pages={53--65},
  year={2018},
  publisher={IEEE}
}



@article{darabi2022framework,
  title={A Framework for Large Scale Synthetic Graph Dataset Generation},
  author={Darabi, Sajad and Bigaj, Piotr and Majchrowski, Dawid and Morkisz, Pawel and Fit-Florea, Alex},
  journal={arXiv preprint arXiv:2210.01944},
  year={2022}
}


@article{dieber2020model,
  title={Why model why? Assessing the strengths and limitations of LIME},
  author={Dieber, J{\"u}rgen and Kirrane, Sabrina},
  journal={arXiv preprint arXiv:2012.00093},
  year={2020}
}

@inproceedings{Vishwakarma:ICCAD,
  title={Risk-Aware and Explainable Framework for Ensuring Guaranteed Coverage in Evolving Hardware Trojan Detection},
  author={Vishwakarma, Rahul and Rezaei, Amin},
  booktitle={EEE/ACM International Conference on Computer Aided Design (ICCAD)},
  pages={1-9},
  year={2023}
}

@inproceedings{Vishwakarma:DATE,
  title={Uncertainty-Aware Hardware Trojan Detection Using Multimodal Deep Learning},
  author={Vishwakarma, Rahul and Rezaei, Amin},
  booktitle={Design, Automation \& Test in Europe Conference \& Exhibition (DATE)},
  pages={},
  year={2024}
}

@inproceedings{Rezaei:BreakUnroll,
author = {Rezaei, Amin and Afsharmazayejani, Raheel and Maynard, Jordan},
title = {Evaluating the Security of EFPGA-Based Redaction Algorithms},
year = {2022},
booktitle = {IEEE/ACM International Conference on Computer-Aided Design (ICCAD)},
articleno = {154},
numpages = {7},
}

@INPROCEEDINGS{Rezaei:PUF,
  author={Rezaei, Amin and Hedayatipour, Ava and Sayadi, Hossein and Aliasgari, Mehrdad and Zhou, Hai},
  booktitle={IEEE International Symposium on Hardware Oriented Security and Trust (HOST)}, 
  title={Global Attack and Remedy on IC-Specific Logic Encryption}, 
  year={2022},
  pages={145-148},
}

@INPROCEEDINGS{Maynard:DK-Lock,
  author={Maynard, Jordan and Rezaei, Amin},
  booktitle={International Symposium on Quality Electronic Design (ISQED)}, 
  title={DK Lock: Dual Key Logic Locking Against Oracle-Guided Attacks}, 
  year={2023},
  pages={1-7},
}

@inproceedings{Aghamohammadi:CoLA,
author = {Aghamohammadi, Yeganeh and Rezaei, Amin},
title = {CoLA: Convolutional Neural Network Model for Secure Low Overhead Logic Locking Assignment},
year = {2023},
booktitle = {Proceedings of the Great Lakes Symposium on VLSI (GLSVLSI)},
pages = {339-344},
numpages = {6},
}



@INPROCEEDINGS{Koushanfar-LL,
  author={Roy, Jarrod A. and Koushanfar, Farinaz and Markov, Igor L.},
  booktitle={2008 Design, Automation and Test in Europe}, 
  title={EPIC: Ending Piracy of Integrated Circuits}, 
  year={2008},
  volume={},
  number={},
  pages={1069-1074},
  doi={10.1109/DATE.2008.4484823}}
  
@article{muthuswamy2010implementing,
  title={Implementing memristor based chaotic circuits},
  author={Muthuswamy, Bharathwaj},
  journal={International Journal of Bifurcation and Chaos},
  volume={20},
  number={05},
  pages={1335--1350},
  year={2010},
  publisher={World Scientific}
}

@inproceedings{rezaei2019hybrid,
  title={Hybrid memristor-cmos obfuscation against untrusted foundries},
  author={Rezaei, Amin and Gu, Jie and Zhou, Hi},
  booktitle={2019 IEEE Computer Society Annual Symposium on VLSI (ISVLSI)},
  pages={535--540},
  year={2019},
  organization={}
}

@INPROCEEDINGS{8383903,
  author={Majumder, Badruddoja and Hasan, Sakib and Uddin, Mesbah and Rose, Garrett S.},
  booktitle={2018 IEEE International Symposium on Hardware Oriented Security and Trust (HOST)}, 
  title={Chaos computing for mitigating side channel attack}, 
  year={2018},
  volume={},
  number={},
  pages={143-146},
  doi={10.1109/HST.2018.8383903}}

  @article{8383903journal,
author = {Md Sakib Hasan and Md Badruddoja Majumder and Aysha S. Shanta and Mesbah Uddin and Garrett S. Rose },
title = {A chaos-based complex micro-instruction set for mitigating instruction reverse engineering},
journal = {Journal of Hardware and Systems Security},
volume = {4},
year = {2020},
pages = {69–85},
}

@INPROCEEDINGS{9424321,
  author={Kamali, Hadi Mardani and Azar, Kimia Zamiri and Homayoun, Houman and Sasan, Avesta},
  booktitle={2021 22nd International Symposium on Quality Electronic Design (ISQED)}, 
  title={ChaoLock: Yet Another SAT-hard Logic Locking using Chaos Computing}, 
  year={2021},
  volume={},
  number={},
  pages={387-394},
  doi={10.1109/ISQED51717.2021.9424321}}

  @INPROCEEDINGS{8715043,
  author={Leonhard, Julian and Yasin, Muhammad and Turk, Shadi and Nabeel, Mohammed Thari and Louërat, Marie-Minerve and Chotin-Avot, Roselyne and Aboushady, Hassan and Sinanoglu, Ozgur and Stratigopoulos, Haralampos-G.},
  booktitle={2019 Design, Automation and Test in Europe Conference \& Exhibition (DATE)}, 
  title={MixLock: Securing Mixed-Signal Circuits via Logic Locking}, 
  year={2019},
  volume={},
  number={},
  pages={84-89},
  doi={10.23919/DATE.2019.8715043}}

@article{Chua1995,
author = {Chua, Leon O.},
title = {Chua's circuit 10 years later},
journal = {International Journal of Circuit Theory and Applications},
volume = {22},
number = {4},
year = {1995},
pages = {279-305},
doi = {https://doi.org/10.1002/cta.4490220404},
}

@ARTICLE{9427060,
  author={Pilato, Christian and Chowdhury, Animesh Basak and Sciuto, Donatella and Garg, Siddharth and Karri, Ramesh},
  journal={IEEE Transactions on Very Large Scale Integration (VLSI) Systems}, 
  title={ASSURE: RTL Locking Against an Untrusted Foundry}, 
  year={2021},
  volume={29},
  number={7},
  pages={1306-1318},
  doi={10.1109/TVLSI.2021.3074004}}
  
  @ARTICLE{9200507,
  author={Zuzak, Michael and Liu, Yuntao and Srivastava, Ankur},
  journal={IEEE Transactions on Computer-Aided Design of Integrated Circuits and Systems}, 
  title={Trace Logic Locking: Improving the Parametric Space of Logic Locking}, 
  year={2021},
  volume={40},
  number={8},
  pages={1531-1544},
  doi={10.1109/TCAD.2020.3025135}}
  

@Article{electronics10030359,
author = {Liao, Teh-Lu and Chen, Hsin-Chieh and Peng, Chiau-Yuan and Hou, Yi-You},
title = {Chaos-Based Secure Communications in Biomedical Information Application},
journal = {Electronics},
volume = {10},
year = {2021},
number = {3 (359)},
DOI = {10.3390/electronics10030359}
}


@INPROCEEDINGS{7910544,
  author={Butusov, Denis N. and Karimov, Timur I. and Lizunova, Inna A. and Soldatkina, Alina A. and Popova, Ekaterina N.},
  booktitle={2017 IEEE Conference of Russian Young Researchers in Electrical and Electronic Engineering (EIConRus)}, 
  title={Synchronization of analog and discrete Rössler chaotic systems}, 
  year={2017},
  volume={},
  number={},
  pages={265-270},
  doi={10.1109/EIConRus.2017.7910544}}

@inproceedings{hedayatipour2021comprehensive,
  title={A Comprehensive Analysis of Chaos-Based Secure Systems},
  author={Hedayatipour, Ava and Monani, Ravi and Rezaei, Amin and Aliasgari, Mehrdad and Sayadi, Hossein},
  booktitle={Silicon Valley Cybersecurity Conference},
  pages={90--105},
  year={2021},
  organization={Springer}
}

@ARTICLE{Strukov-Memristor,
  author={Strukov, Dmitri B. and Snider Gregory, S. and Stewart Duncan, R. and Stanley Williams, R.},
  journal={Nature}, 
  title={The missing memristor found}, 
  year={2009},
  volume={453},
  number={},
  pages={pages80–83},
 }
 
 @ARTICLE{Joglekar-Memristor,
  author={Joglekar, Yogesh N and Wolf, Stephen J },
  journal={European Journal of Physics}, 
  title={The elusive memristor: properties of basic electrical circuits}, 
  year={2009},
  volume={30},
  number={4 (661)},
  pages={},
 }
 
 @ARTICLE{246163,
  author={Cuomo, K.M. and Oppenheim, A.V. and Strogatz, S.H.},
  journal={IEEE Transactions on Circuits and Systems II: Analog and Digital Signal Processing}, 
  title={Synchronization of Lorenz-based chaotic circuits with applications to communications}, 
  year={1993},
  volume={40},
  number={10},
  pages={626-633},
  doi={10.1109/82.246163}}
  
 @ARTICLE{5934403,
  author={Prodromakis, Themistoklis and Peh, Boon Pin and Papavassiliou, Christos and Toumazou, Christofer},
  journal={IEEE Transactions on Electron Devices}, 
  title={A Versatile Memristor Model With Nonlinear Dopant Kinetics}, 
  year={2011},
  volume={58},
  number={9},
  pages={3099-3105},
  doi={10.1109/TED.2011.2158004}}
 
 @ARTICLE{9214833,
  author={Hedayatipour, Ava and Mcfarlane, Nicole},
  journal={IEEE Access}, 
  title={Wearables for the Next Pandemic}, 
  year={2020},
  volume={8},
  number={},
  pages={184457-184474},
  doi={10.1109/ACCESS.2020.3029130}
 }
 
@INPROCEEDINGS{9630142,
  author={Anderson, Kendra and Hedayatipour, Ava and McFarlane, Nicole},
  booktitle={2021 43rd Annual International Conference of the IEEE Engineering in Medicine \& Biology Society (EMBC)}, 
  title={A Wireless Time-Scaling Chaotic Shift Keying Encryption System For Biosensing Systems},
  year={2021},
  volume={},
  number={},
  pages={7594-7597},
  doi={10.1109/EMBC46164.2021.9630142}}
  

@INPROCEEDINGS{8341984,
  author={Rezaei, Amin and Shen, Yuanqi and Kong, Shuyu and Gu, Jie and Zhou, Hai},
  booktitle={2018 Design, Automation \& Test in Europe Conference \& Exhibition (DATE)}, 
  title={Cyclic locking and memristor-based obfuscation against CycSAT and inside foundry attacks}, 
  year={2018},
  volume={},
  number={},
  pages={85-90},
  doi={10.23919/DATE.2018.8341984}
 }
  
@article{biolek2009spice,
  title={SPICE Model of Memristor with Nonlinear Dopant Drift.},
  author={Biolek, Zden{\v{e}}k and Biolek, Dalibor and Biolkova, Viera},
  journal={Radioengineering},
  volume={18},
  number={2},
  year={2009}
}


@article{chua1971memristor,
  title={Memristor-the missing circuit element},
  author={Chua, Leon},
  journal={IEEE Transactions on circuit theory},
  volume={18},
  number={5},
  pages={507--519},
  year={1971},
  publisher={IEEE}
}

@article{zhong1985experimental,
  title={Experimental confirmation of chaos from Chua's circuit},
  author={Zhong, G-Q and Ayrom, Farhad},
  journal={International journal of circuit theory and applications},
  volume={13},
  number={1},
  pages={93--98},
  year={1985},
  publisher={Wiley Online Library}
}
  

@article{bao2017two,
  title={Two-memristor-based Chua’s hyperchaotic circuit with plane equilibrium and its extreme multistability},
  author={Bao, Bocheng and Jiang, Tao and Wang, Guangyi and Jin, Peipei and Bao, Han and Chen, Mo},
  journal={Nonlinear Dynamics},
  volume={89},
  number={2},
  pages={1157--1171},
  year={2017},
  publisher={Springer}
}

% Syncronization of chaotic circuit is studied for discontinious chaotic systems, 
@article{yang2014exponential,
  title={Exponential synchronization of discontinuous chaotic systems via delayed impulsive control and its application to secure communication},
  author={Yang, Xinsong and Yang, Zhichun and Nie, Xiaobing},
  journal={Communications in Nonlinear Science and Numerical Simulation},
  volume={19},
  number={5},
  pages={1529--1543},
  year={2014},
  publisher={Elsevier}
}

@inproceedings{limaye2021fortifying,
  title={Fortifying RTL locking against oracle-less (untrusted foundry) and oracle-guided attacks},
  author={Limaye, Nimisha and Chowdhury, Animesh B and Pilato, Christian and Nabeel, Mohammed TM and Sinanoglu, Ozgur and Garg, Siddharth and Karri, Ramesh},
  booktitle={2021 58th ACM/IEEE Design Automation Conference (DAC)},
  pages={91--96},
  year={2021},
  organization={IEEE}
}

@article{duan2022fully,
  title={A fully integrated chaos generator based on voltage controlled oscillator},
  author={Duan, Zhikui and Wang, Huwei and He, Shaobo and Li, Shiren and Yan, Shiquan and Zhao, Xiaomeng and Yu, Xinmei and Yang, Guangguang and Tan, Haishu},
  journal={Microelectronics Journal},
  volume={126},
  pages={105514},
  year={2022},
  publisher={Elsevier}
}

@article{li2022new,
  title={A new image encryption algorithm based on optimized Lorenz chaotic system},
  author={Li, Tu and Yan, Wang and Chi, Zhang},
  journal={Concurrency and Computation: Practice and Experience},
  volume={34},
  number={13},
  pages={e5902},
  year={2022},
  publisher={Wiley Online Library}
}

@article{wen2021quantum,
  title={A quantum chaotic image cryptosystem and its application in IoT secure communication},
  author={Wen, Heping and Zhang, Chongfu and Chen, Ping and Chen, Ruiting and Xu, Jiajun and Liao, Yunlong and Liang, Zhonghao and Shen, Danze and Zhou, Limengnan and Ke, Juxin},
  journal={IEEE Access},
  volume={9},
  pages={20481--20492},
  year={2021},
  publisher={IEEE}
}

@article{onuki2022secret,
  title={Secret-key exchange through synchronization of randomized chaotic oscillators aided by logistic hash function},
  author={Onuki, Koshiro and Cho, Kenichiro and Horio, Yoshihiko and Miyano, Takaya},
  journal={IEEE Transactions on Circuits and Systems I: Regular Papers},
  volume={69},
  number={4},
  pages={1655--1667},
  year={2022},
  publisher={IEEE}
}

@article{guo2022novel,
  title={A novel four-element RCLM hyperchaotic circuit based on current-controlled extended memristor},
  author={Guo, Qi and Wang, Ning and Zhang, Guoshan},
  journal={AEU-International Journal of Electronics and Communications},
  pages={154391},
  year={2022},
  publisher={Elsevier}
}

@article{zhang2022hyperchaotic,
  title={Hyperchaotic circuit design based on memristor and its application in image encryption},
  author={Zhang, Jie and Guo, Yan and Xu, Longhao and Zhu, Xiaopeng and Yang, Jing},
  journal={Microelectronic Engineering},
  pages={111872},
  year={2022},
  publisher={Elsevier}
}


@article{wang2022cloud,
  title={Cloud-assisted elliptic curve password authenticated key exchange protocol for wearable healthcare monitoring system},
  author={Wang, Zhihui and Gong, Liheng and Yang, Jingjing and Zhang, Xiao},
  journal={Concurrency and Computation: Practice and Experience},
  volume={34},
  number={9},
  pages={e5734},
  year={2022},
  publisher={Wiley Online Library}
}

@incollection{al2022medical,
  title={Medical Device Security},
  author={Al Momin, Md Abdullah},
  booktitle={Security, Data Analytics, and Energy-Aware Solutions in the IoT},
  pages={173--191},
  year={2022},
  publisher={IGI Global}
}

@INPROCEEDINGS{7140252,
  author={Subramanyan, Pramod and Ray, Sayak and Malik, Sharad},
  booktitle={2015 IEEE International Symposium on Hardware Oriented Security and Trust (HOST)}, 
  title={Evaluating the security of logic encryption algorithms}, 
  year={2015},
  volume={},
  number={},
  pages={137-143},
  doi={10.1109/HST.2015.7140252}}

@book{fortuna2009chua,
  title={Chua's Circuit Implementations: Yesterday, Today and Tomorrow},
  author={Fortuna, L.},
  series={World Scientific Series on Nonlinear Science Series A},
  volume ={65},
  year={2009},
  publisher={}
}

@INPROCEEDINGS{9000113,
  author={Jayasankaran, N. G. and Borbon, A. Sanabria and Abuellil, A. and Sánchez-Sinencio, E. and Hu, J. and Rajendran, J.},
  booktitle={2019 IEEE International Test Conference (ITC)}, 
  title={Breaking Analog Locking Techniques via Satisfiability Modulo Theories}, 
  year={2019},
  volume={},
  number={},
  pages={1-10},
  doi={10.1109/ITC44170.2019.9000113}}
  
@inproceedings{monani2022implementation,
  title={Implementation of Chaotic Encryption Architecture on FPGA for On-Chip Secure Communication},
  author={Monani, Ravi and Rogers, Brian and Rezaei, Amin and Hedayatipour, Ava},
  booktitle={2022 IEEE Green Energy and Smart System Systems (IGESSC)},
  pages={1--6},
  year={2022},
  organization={IEEE}
}
